<Document xmlns="urn:iso:std:iso:20022:tech:xsd:pain.001.001.03" xmlns:xsi="http://www.w3.org/2001/XMLSchema-instance">
<CstmrCdtTrfInitn>
<GrpHdr>
<MsgId>P941432_B</MsgId>
<CreDtTm>2023-09-07T19:50:08</CreDtTm>
<NbOfTxs>1</NbOfTxs>
<CtrlSum>1</CtrlSum>
<InitgPty>
<Id>
<OrgId>
<Othr>
<Id>PC000031597</Id>
</Othr>
</OrgId>
</Id>
</InitgPty>
</GrpHdr>
<PmtInf>
<PmtInfId>P941432_B</PmtInfId>
<PmtMtd>TRF</PmtMtd>
<PmtTpInf>
<SvcLvl>
<Cd>URNS</Cd>
</SvcLvl>
</PmtTpInf>
<ReqdExctnDt>2023-09-07</ReqdExctnDt>
<Dbtr>
<Nm>SPANDANA SPHOORTY FINANCIAL LIMITED</Nm>
<PstlAdr>
<StrtNm>GALAXY WING B 16TH FLOOR PLOT NO.1</StrtNm>
<PstCd>500081</PstCd>
<TwnNm>HYDERABAD</TwnNm>
<Ctry>IN</Ctry>
</PstlAdr>
</Dbtr>
<DbtrAcct>
<Id>
<Othr>
<Id>082151994001</Id>
</Othr>
</Id>
<Ccy>INR</Ccy>
</DbtrAcct>
<DbtrAgt>
<FinInstnId>
<BIC>HSBCINBB</BIC>
<PstlAdr>
<Ctry>IN</Ctry>
</PstlAdr>
</FinInstnId>
</DbtrAgt>
<CdtTrfTxInf>
<PmtId>
<InstrId>P941432_B</InstrId>
<EndToEndId>P941432_B</EndToEndId>
</PmtId>
<Amt>
<InstdAmt Ccy="INR">1</InstdAmt>
</Amt>
<ChrgBr>DEBT</ChrgBr>
<CdtrAgt>
<FinInstnId>
<ClrSysMmbId>
<MmbId>YESB0000097</MmbId>
</ClrSysMmbId>
<PstlAdr>
<Ctry>IN</Ctry>
</PstlAdr>
</FinInstnId>
</CdtrAgt>
<Cdtr>
<Nm>Vajrala Naresh</Nm>
<PstlAdr>
<Ctry>IN</Ctry>
</PstlAdr>
</Cdtr>
<CdtrAcct>
<Id>
<Othr>
<Id>009791800015849</Id>
</Othr>
</Id>
</CdtrAcct>
<RmtInf>
<Ustrd>Testing Narration</Ustrd>
</RmtInf>
</CdtTrfTxInf>
</PmtInf>
</CstmrCdtTrfInitn>
</Document>
